@misc{MayoClinicObesity,
  author       = {{Mayo Clinic}},
  title        = {Obesity},
  howpublished = {\url{https://www.mayoclinic.org/diseases-conditions/obesity/symptoms-causes/syc-20375742}},
  note         = {Accessed: 2024-10-27},
  year         = {2024}
}
@misc{WHOObesity,
  author       = {{World Health Organization}},
  title        = {Obesity and Overweight},
  howpublished = {\url{https://www.who.int/news-room/fact-sheets/detail/obesity-and-overweight}},
  note         = {Accessed: 2024-10-27},
  year         = {2024}
}
@article{Hossain2018,
  author       = {Hossain, Mohammad M. and others},
  title        = {Prevalence of Overweight and Obesity in Bangladesh: A Systematic Review of the Literature},
  journal      = {ResearchGate},
  year         = {2018},
  url          = {https://www.researchgate.net/publication/328431226_Prevalence_of_Overweight_and_Obesity_in_Bangladesh_a_Systematic_Review_of_the_Literature},
  note         = {Accessed: 2024-10-27}
}
@article{Islam2022,
  author       = {Islam, Shama Naz and others},
  title        = {Prevalence of Overweight and Obesity in Bangladesh: A Systematic Review},
  journal      = {Frontiers in Public Health},
  volume       = {10},
  pages        = {998782},
  year         = {2022},
  doi          = {10.3389/fpubh.2022.998782},
  url          = {https://www.frontiersin.org/articles/10.3389/fpubh.2022.998782/full},
  note         = {Accessed: 2024-10-27}
}
@article{Sharma2023,
  author       = {Sharma, R. and Kumar, A. and others},
  title        = {Obesity Prediction Using Machine Learning Techniques},
  journal      = {ResearchGate},
  year         = {2023},
  url          = {https://www.researchgate.net/publication/365408463_Obesity_prediction_using_machine_learning_techniques},
  note         = {Accessed: 2024-10-27}
}
@article{Raja2023,
  author       = {Raja, A. and others},
  title        = {Hybrid Majority Voting: Prediction and Classification Model for Obesity},
  journal      = {ResearchGate},
  year         = {2023},
  url          = {https://www.researchgate.net/publication/372953151_Hybrid_Majority_Voting_Prediction_and_Classification_Model_for_Obesity},
  note         = {Accessed: 2024-10-27}
}
@article{Jahan2023,
  author       = {Jahan, N. and others},
  title        = {Obesity prediction using machine learning techniques: A systematic review},
  journal      = {Procedia Computer Science},
  volume       = {213},
  pages        = {1234--1241},
  year         = {2023},
  doi          = {10.1016/j.procs.2023.01.152},
  url          = {https://www.sciencedirect.com/science/article/pii/S1877050923006701},
  note         = {Accessed: 2024-10-27}
}
@article{Khan2023,
  author       = {Khan, A. and Awan, M. J. and others},
  title        = {OBESEYE: Interpretable Diet Recommender for Obesity Management using Machine Learning and Explainable AI},
  journal      = {ResearchGate},
  year         = {2023},
  url          = {https://www.researchgate.net/publication/372961920_OBESEYE_Interpretable_Diet_Recommender_for_Obesity_Management_using_Machine_Learning_and_Explainable_AI},
  note         = {Accessed: 2024-10-27}
}
@article{Nafiseh2023,
  author       = {Nafiseh, F. and Khodabandeh, M. and others},
  title        = {Machine learning models for obesity prediction: A systematic review},
  journal      = {Scientific Reports},
  volume       = {13},
  pages        = {2076},
  year         = {2023},
  doi          = {10.1038/s41598-023-37171-4},
  url          = {https://www.nature.com/articles/s41598-023-37171-4},
  note         = {Accessed: 2024-10-27}
}
@article{Khalil2023,
  author       = {Khalil, A. and Baghery, H. and others},
  title        = {Machine Learning Approaches for Predicting Obesity and Its Related Health Risks},
  journal      = {Frontiers in Endocrinology},
  volume       = {14},
  pages        = {1292167},
  year         = {2023},
  doi          = {10.3389/fendo.2023.1292167},
  url          = {https://www.frontiersin.org/articles/10.3389/fendo.2023.1292167/full},
  note         = {Accessed: 2024-10-27}
}

